<?xml version="1.0" encoding="UTF-8"?><collection xmlns="http://www.loc.gov/MARC21/slim"><record><leader>00403nam--2200157-i-4500</leader><controlfield tag="001">000041414</controlfield><controlfield tag="002">20161230</controlfield><controlfield tag="005">20170111221343</controlfield><controlfield tag="008">060222s1000------------r-----000-0-eng-d</controlfield><datafield ind1=" " ind2=" " tag="080"><subfield code="a">571</subfield></datafield><datafield ind1=" " ind2=" " tag="100"><subfield code="a">Poulsen, Chr</subfield></datafield><datafield ind1=" " ind2=" " tag="245"><subfield code="a">Fossils from the lower cambrian of Bornholm</subfield></datafield><datafield ind1=" " ind2=" " tag="260"><subfield code="a">Kobenhavn</subfield><subfield code="b">Bianco Lunos Bogtrykkeri</subfield><subfield code="c">1967</subfield></datafield><datafield ind1=" " ind2=" " tag="300"><subfield code="a">48 p.+9 pl</subfield></datafield><datafield ind1=" " ind2=" " tag="852"><subfield code="a">33420</subfield></datafield><datafield ind1=" " ind2=" " tag="CAT"><subfield code="a">SYS</subfield><subfield code="c">20170111</subfield><subfield code="h">221343</subfield></datafield></record></collection>